@misc{almodiel,
	author = {Almodiel, N.V.},
	title = {UPLB Academic Information System Grade Capture Module},
	year = 2001,
	howpublished = {Undergraduate Special Problem},
	note = {Institute of Computer Science, College of Arts and Sciences, University of the Philippines Los Baños}
}

@misc{suayan,
	author = {Suayan, R.T.A.},
	year = 1997,
	title= {UPLB RegisNet: A Pre-registration Intranet},
	howpublished = {Undergraduate Special Problem},
	note = {Institute of Computer Science, College of Arts and Sciences, University of the
Philippines Los Baños.}
}

@misc{cruz,
	author = {Cruz, J.A.},
	year = 2001,
	title = {UPLB Academic Information System Subjects Module.},
	howpublished = {Undergraduate Special Problem},
	note = {Institute of Computer Science, College of Arts and Sciences, University of the Philippines Los Baños.}
}

@misc{enrique,
	author = {Enrique, J.F.},
	year = 2001,
	title = {UPLB Academic Information System Schedule of Classes Module},
	howpublished = {Undergraduate Special Problem},
	note = {Institute of Computer Science, College of Arts and Sciences, University of the Philippines Los Baños.}
}

@misc{javier,
	author = {Javier, J. and Jayme, J. and Morales, J. and Rosete, E.},
	title = {UPLB SystemOne: Computerized Enlistment System},
	howpublished = {Undergraduate Special Problem},
	year = 2005,
	note = {Institute of Computer Science, College of Arts and Sciences, University of the Philippines Los Baños.}
}

@misc{crespo,
	author = {Crespo, K.N.},
	title = {Comparing the Response and Rendering Time of a PHP-based against Javascript-based SystemOne},
	year = 2014,
	howpublished = {Undergraduate Special Problem},
	note = {Institute of Computer Science, College of Arts and Sciences, University of the Philippines Los Baños.}
}

@misc{payoyo,
	author = {Payoyo, N.B.C. and Duldulao, R.N. Jr.},
	title = {UPLB SystemOne V2: Announcement, Registrar and Observer Module},
	year = 2010,
	howpublished = {Undergraduate Special Problem},
	note = {Institute of Computer Science, College of Arts and Sciences, University of the Philippines Los Baños.}
}